@article{Kalyani2012,
    author = {Kalyani, P.},
    title = {Approaches to Partition Medical Data using Clustering Algorithms},
    volume = {49},
    number = {23},
    month = {7},
    year = {2012},
    pages = {7--10},
    doi = {10.5120/7941-1102},
    journal = {International Journal of Computer Applications}
}

@article{Nolte2003,
	author = {Nolte, E. and McKee, M.},
	title = {Measuring the health of nations: analysis of mortality amenable to
             health care},
	volume = {327},
	number = {7424},
	pages = {1129},
	year = {2003},
	doi = {10.1136/bmj.327.7424.1129},
	publisher = {BMJ Publishing Group Ltd},
	journal = {BMJ}
}

@article{Rebuge2012,
    title = {Business process analysis in healthcare environments: A methodology
             based on process mining},
    journal = {Information Systems},
    volume = {37},
    number = {2},
    pages = {99--116},
    year = {2012},
    note = {Management and Engineering of Process-Aware Information Systems},
    doi = {https://doi.org/10.1016/j.is.2011.01.003},
    author = {Rebuge, A. and Ferreira, D.R.}
}

@article{Vuik2016,
    author = {Vuik, S. and Mayer, E. and Darzi, A.},
    year = {2016},
    month = {12},
    title = {A quantitative evidence base for population health: Applying
             utilization-based cluster analysis to segment a patient
             population},
    volume = {14},
    doi = {10.1186/s12963-016-0115-z},
    journal = {Population Health Metrics}
}
