@misc{Hyndman2014,
    author = {Hyndman, R.},
    title = {Prediction competitions},
    year = {2014},
    url = {https://robjhyndman.com/hyndsight/prediction-competitions/}
}

@inproceedings{Torralba2011,
    author = {Torralba, A. and Efros, A. A.},
    title = {Unbiased Look at Dataset Bias},
    booktitle = {Proceedings of the 2011 IEEE Conference on Computer Vision
                    and Pattern Recognition},
    year = {2011},
    pages = {1521--1528},
    doi = {10.1109/CVPR.2011.5995347}
}
